<?xml version="1.0" encoding="UTF-8"?>
<record xmlns="http://www.loc.gov/MARC21/slim" xmlns:xsi="http://www.w3.org/2001/XMLSchema-instance" xsi:schemaLocation="http://www.loc.gov/MARC21/slim http://www.loc.gov/standards/marcxml/schema/MARC21slim.xsd">
<leader>     nam a2200277   4500</leader>
<controlfield tag="001">002966465</controlfield>
<controlfield tag="003">NNU</controlfield>
<controlfield tag="005">19940713181853.0</controlfield>
<controlfield tag="008">890315m19599999sy b     b    000 0 ara</controlfield>
<datafield tag="010" ind1=" " ind2=" ">
<subfield code="a">60029004</subfield>
</datafield>
<datafield tag="035" ind1="9" ind2=" ">
<subfield code="a">NYUb10694960</subfield>
</datafield>
<datafield tag="035" ind1=" " ind2=" ">
<subfield code="a">(CStRLIN)NYUG89-B9032</subfield>
</datafield>
<datafield tag="035" ind1=" " ind2=" ">
<subfield code="a">GLIS006949605</subfield>
</datafield>
<datafield tag="040" ind1=" " ind2=" ">
<subfield code="c">NN</subfield>
<subfield code="d">NN</subfield>
<subfield code="d">NNU</subfield>
</datafield>
<datafield tag="043" ind1=" " ind2=" ">
<subfield code="a">a-ku---</subfield>
</datafield>
<datafield tag="050" ind1="0" ind2=" ">
<subfield code="a">HD9576.K82</subfield>
<subfield code="b">S5</subfield>
</datafield>
<datafield tag="090" ind1=" " ind2=" ">
<subfield code="a">HD9576.K82</subfield>
<subfield code="b">S5</subfield>
<subfield code="i">03/15/89 CT</subfield>
</datafield>
<datafield tag="100" ind1="1" ind2=" ">
<subfield code="a">Shamma, Samir.</subfield>
</datafield>
<datafield tag="245" ind1="1" ind2="0">
<subfield code="a">Bitrūl al-Kuwayt,</subfield>
<subfield code="b">ḥāḍiruhu wa-mustaqbaluh</subfield>
<subfield code="c">[taʼlīf] Samīr Shammā.</subfield>
</datafield>
<datafield tag="260" ind1=" " ind2=" ">
<subfield code="a">Dimashq</subfield>
<subfield code="b">[Maktabat Aṭlas]</subfield>
<subfield code="c">[1959-]</subfield>
</datafield>
<datafield tag="300" ind1=" " ind2=" ">
<subfield code="a">v.</subfield>
<subfield code="b">maps</subfield>
<subfield code="c">24 cm.</subfield>
</datafield>
<datafield tag="500" ind1=" " ind2=" ">
<subfield code="a">Cover title: The oil of Kuwait, present and future, by Samir Shamma.</subfield>
</datafield>
<datafield tag="504" ind1=" " ind2=" ">
<subfield code="a">Bibliography: p. 131-135.</subfield>
</datafield>
<datafield tag="650" ind1=" " ind2="0">
<subfield code="a">Petroleum industry and trade</subfield>
<subfield code="z">Kuwait.</subfield>
</datafield>
<datafield tag="OWN" ind1=" " ind2=" ">
<subfield code="a">GENERAL</subfield>
</datafield>
<datafield tag="950" ind1=" " ind2=" ">
<subfield code="l">BMAIN</subfield>
<subfield code="n">455:sl\Unanalyzed\</subfield>
<subfield code="i">03/15/89 C</subfield>
</datafield>
<datafield tag="955" ind1=" " ind2=" ">
<subfield code="l">BMAIN</subfield>
<subfield code="c">1:v.1</subfield>
<subfield code="r">013817740</subfield>
<subfield code="i">03/15/89 C</subfield>
</datafield>
<datafield tag="998" ind1=" " ind2=" ">
<subfield code="a">03/15/89</subfield>
<subfield code="t">c</subfield>
<subfield code="s">9114</subfield>
<subfield code="n">NNU</subfield>
<subfield code="w">NYPG84B3788</subfield>
<subfield code="d">03/15/89</subfield>
<subfield code="c">MG</subfield>
<subfield code="b">PJV</subfield>
<subfield code="i">890315</subfield>
<subfield code="l">NYUG</subfield>
</datafield>
<datafield tag="AVA" ind1=" " ind2=" ">
<subfield code="a">NYU50</subfield>
<subfield code="b">BOBST</subfield>
<subfield code="c">Main Collection</subfield>
<subfield code="d">HD9576.K82 S5</subfield>
<subfield code="e">unavailable</subfield>
<subfield code="t">Unavailable</subfield>
<subfield code="f">1</subfield>
<subfield code="g">1</subfield>
<subfield code="h">Y</subfield>
<subfield code="i">0</subfield>
<subfield code="j">MAIN</subfield>
<subfield code="k">0</subfield>
</datafield>
</record>
